<?xml version="1.0" encoding="UTF-8"?><collection xmlns="http://www.loc.gov/MARC21/slim"><record><leader>00272nam--2200109-i-4500</leader><controlfield tag="001">000018237</controlfield><controlfield tag="002">20161230</controlfield><controlfield tag="005">20161230201032</controlfield><controlfield tag="008">060222s1000------------r-----000-0-eng-d</controlfield><datafield ind1=" " ind2=" " tag="100"><subfield code="a">Ferrari, Fabio</subfield></datafield><datafield ind1=" " ind2=" " tag="245"><subfield code="a">Cementi ferrici (tipo ferrari) e relativi pozzolanici</subfield></datafield><datafield ind1=" " ind2=" " tag="852"><subfield code="a">13891</subfield></datafield></record></collection>